@inproceedings{Uellenbeck,
 author = {Uellenbeck, Sebastian and D\"{u}rmuth, Markus and Wolf, Christopher and Holz, Thorsten},
 title = {Quantifying the Security of Graphical Passwords: The Case of Android Unlock Patterns},
 booktitle = {Proceedings of the 2013 ACM SIGSAC Conference on Computer \&\#38; Communications Security},
 year = {2013},
 isbn = {978-1-4503-2477-9},
 location = {Berlin, Germany},
 pages = {161--172},
 numpages = {12},
 url = {http://doi.acm.org/10.1145/2508859.2516700},
 doi = {10.1145/2508859.2516700},
 acmid = {2516700},
 publisher = {ACM},
 address = {New York, NY, USA},
 keywords = {android, mobile security, passwords},
}

@article{Biddle,
 author = {Biddle, Robert and Chiasson, Sonia and Van Oorschot, P.C.},
 title = {Graphical Passwords: Learning from the First Twelve Years},
 journal = {ACM Comput. Surv.},
 volume = {44},
 number = {4},
 month = {sep},
 year = {2012},
 issn = {0360-0300},
 pages = {19:1--19:41},
 articleno = {19},
 numpages = {41},
 url = {http://doi.acm.org/10.1145/2333112.2333114},
 doi = {10.1145/2333112.2333114},
 acmid = {2333114},
 publisher = {ACM},
 address = {New York, NY, USA},
 keywords = {Authentication, graphical passwords, usable security},
}

@article{DeAngeli,
 author = {De Angeli, Antonella and Coventry, Lynne and Johnson, Graham and Renaud, Karen},
 title = {Is a Picture Really Worth a Thousand Words? Exploring the Feasibility of Graphical Authentication Systems},
 journal = {Int. J. Hum.-Comput. Stud.},
 issue_date = {July 2005},
 volume = {63},
 number = {1-2},
 month = jul,
 year = {2005},
 issn = {1071-5819},
 pages = {128--152},
 numpages = {25},
 url = {http://dx.doi.org/10.1016/j.ijhcs.2005.04.020},
 doi = {10.1016/j.ijhcs.2005.04.020},
 acmid = {1090419},
 publisher = {Academic Press, Inc.},
 address = {Duluth, MN, USA},
 keywords = {security, usability, user authentication, visual memory},
} 

@article{IPAS,
title = {IPAS: Implicit Password Authentication System},
}